@book{silverman2009arithmetic,
  title={The arithmetic of elliptic curves},
  author={Silverman, Joseph H},
  volume={106},
  year={2009},
  publisher={Springer Science \& Business Media}
}

@inproceedings{mendel2006analysis,
  title={Analysis of step-reduced SHA-256},
  author={Mendel, Florian and Pramstaller, Norbert and Rechberger, Christian and Rijmen, Vincent},
  booktitle={International workshop on fast software encryption},
  pages={126--143},
  year={2006},
  organization={Springer}
}

@article{cachin2017blockchain,
  title={Blockchain consensus protocols in the wild},
  author={Cachin, Christian and Vukoli{\'c}, Marko},
  journal={arXiv preprint arXiv:1707.01873},
  year={2017}
}

@techreport{lesavre2019taxonomic,
  title={A Taxonomic Approach to Understanding Emerging Blockchain Identity Management Systems (Draft)},
  author={Lesavre, Lo{\"\i}c and Varin, Priam and Mell, Peter and Davidson, Michael and Shook, James},
  year={2019},
  institution={National Institute of Standards and Technology}
}
@article{ferdous2019search,
  title={In Search of Self-Sovereign Identity Leveraging Blockchain Technology},
  author={Ferdous, Md Sadek and Chowdhury, Farida and Alassafi, Madini O},
  journal={IEEE Access},
  volume={7},
  pages={103059--103079},
  year={2019},
  publisher={IEEE}
}

@article{grassi2017digital,
  title={Digital identity guidelines},
  author={Grassi, Paul A and Garcia, Michael E and Fenton, James L},
  journal={NIST special publication},
  volume={800},
  pages={63--3},
  year={2017}
}

@article{moyano2017kyc,
  title={KYC optimization using distributed ledger technology},
  author={Moyano, Jos{\'e} Parra and Ross, Omri},
  journal={Business \& Information Systems Engineering},
  volume={59},
  number={6},
  pages={411--423},
  year={2017},
  publisher={Springer}
}
@article{wood2014ethereum,
  title={Ethereum: A secure decentralised generalised transaction ledger},
  author={Wood, Gavin and others},
  journal={Ethereum project yellow paper},
  volume={151},
  number={2014},
  pages={1--32},
  year={2014}
}

@article{rajput2013research,
  title={Research on know your customer (KYC)},
  author={Rajput, Venkatesh U},
  journal={International Journal of Scientific and Research Publications},
  volume={3},
  number={7},
  pages={541--546},
  year={2013},
  publisher={Citeseer}
}
@book{windley2005digital,
  title={Digital Identity: Unmasking identity management architecture (IMA)},
  author={Windley, Phillip J},
  year={2005},
  publisher={" O'Reilly Media, Inc."}
}
@article{cong2019blockchain,
  title={Blockchain disruption and smart contracts},
  author={Cong, Lin William and He, Zhiguo},
  journal={The Review of Financial Studies},
  volume={32},
  number={5},
  pages={1754--1797},
  year={2019},
  publisher={Oxford University Press}
}
@article{gatteschi2018blockchain,
  title={Blockchain and smart contracts for insurance: Is the technology mature enough?},
  author={Gatteschi, Valentina and Lamberti, Fabrizio and Demartini, Claudio and Pranteda, Chiara and Santamar{\'\i}a, V{\'\i}ctor},
  journal={Future Internet},
  volume={10},
  number={2},
  pages={20},
  year={2018},
  publisher={Multidisciplinary Digital Publishing Institute}
}
@inproceedings{luu2016making,
  title={Making smart contracts smarter},
  author={Luu, Loi and Chu, Duc-Hiep and Olickel, Hrishi and Saxena, Prateek and Hobor, Aquinas},
  booktitle={Proceedings of the 2016 ACM SIGSAC conference on computer and communications security},
  pages={254--269},
  year={2016}
}
@article{buterin2014next,
  title={A next-generation smart contract and decentralized application platform},
  author={Buterin, Vitalik and others},
  journal={white paper},
  volume={3},
  number={37},
  year={2014}
}
@inproceedings{bhargavan2016formal,
  title={Formal verification of smart contracts: Short paper},
  author={Bhargavan, Karthikeyan and Delignat-Lavaud, Antoine and Fournet, C{\'e}dric and Gollamudi, Anitha and Gonthier, Georges and Kobeissi, Nadim and Kulatova, Natalia and Rastogi, Aseem and Sibut-Pinote, Thomas and Swamy, Nikhil and others},
  booktitle={Proceedings of the 2016 ACM Workshop on Programming Languages and Analysis for Security},
  pages={91--96},
  year={2016}
}
@article{steiner1993internet,
  title={On the Internet, nobody knows youâ€™re a dog},
  author={Steiner, Peter},
  journal={The New Yorker},
  volume={69},
  number={20},
  pages={61},
  year={1993}
}